<record><leader>00000cas a22000007a 4500</leader><controlfield tag="001">16140944</controlfield><controlfield tag="008">870707d18811922iauwr ne      0    0eng d</controlfield><datafield ind1=" " ind2=" " tag="010"><subfield code="a">sn 87058468 </subfield></datafield><datafield ind1=" " ind2=" " tag="040"><subfield code="a">INP</subfield><subfield code="b">eng</subfield><subfield code="c">INP</subfield><subfield code="d">OCLCQ</subfield></datafield><datafield ind1=" " ind2=" " tag="042"><subfield code="a">msc</subfield></datafield><datafield ind1="0" ind2="0" tag="245"><subfield code="a">Worth County index.</subfield></datafield><datafield ind1=" " ind2=" " tag="260"><subfield code="a">Northwood, Iowa :</subfield><subfield code="b">[Eno &amp; Scammon],</subfield><subfield code="c">-1922.</subfield></datafield><datafield ind1=" " ind2=" " tag="300"><subfield code="a">v.</subfield></datafield><datafield ind1=" " ind2=" " tag="310"><subfield code="a">Weekly</subfield></datafield><datafield ind1="1" ind2=" " tag="362"><subfield code="a">Began Dec. 22, 1881.</subfield></datafield><datafield ind1="0" ind2=" " tag="362"><subfield code="a">-v. 41, no. 49 (Nov. 30, 1922).</subfield></datafield><datafield ind1=" " ind2=" " tag="500"><subfield code="a">Publisher varies.</subfield></datafield><datafield ind1=" " ind2=" " tag="588"><subfield code="a">Description based on: Vol. 3, no. 42 (Oct. 2, 1884).</subfield></datafield><datafield ind1=" " ind2=" " tag="752"><subfield code="a">United States</subfield><subfield code="b">Iowa</subfield><subfield code="c">Worth</subfield><subfield code="d">Northwood.</subfield></datafield><datafield ind1="0" ind2="7" tag="785"><subfield code="t">Northwood anchor (Northwood, Iowa : 1889)</subfield><subfield code="w">(DLC)sn 87058467</subfield></datafield><datafield ind1="0" ind2="7" tag="785"><subfield code="t">Northwood anchor and the Worth County index consolidated</subfield><subfield code="w">(DLC)sn 87058469</subfield></datafield></record>